%% This BibTeX bibliography file was created using BibDesk.
%% http://bibdesk.sourceforge.net/


%% Created for Till J. Ernst at 2012-10-21 14:55:15 +0200 


%% Saved with string encoding Unicode (UTF-8) 



@book{Mayring:1991,
	Author = {Mayring, Philipp},
	Date-Added = {2012-10-21 12:54:51 +0000},
	Date-Modified = {2012-10-21 12:55:15 +0000},
	Isbn = {3170115316},
	Keywords = {Gl{\"u}ck},
	Publisher = {Kohlhammer},
	Title = {Psychologie des Gl{\"u}cks},
	Year = {1991}}

@article{ackema:1998,
	Author = {Ackema, Peter and Neeleman, Ad},
	Journal = {Natural Language and Linguistic Theory},
	Pages = {443-490},
	Title = {Optimal questions},
	Volume = {16},
	Year = {1998},
	Bdsk-File-1 = {YnBsaXN0MDDUAQIDBAUIJidUJHRvcFgkb2JqZWN0c1gkdmVyc2lvblkkYXJjaGl2ZXLRBgdUcm9vdIABqAkKFRYXGyIjVSRudWxs0wsMDQ4RFFpOUy5vYmplY3RzV05TLmtleXNWJGNsYXNzog8QgASABqISE4ACgAOAB1lhbGlhc0RhdGFccmVsYXRpdmVQYXRo0hgNGRpXTlMuZGF0YU8RAcQAAAAAAcQAAgAAFk9DWl9TU0RfTGlnaHRuaW5nU3BlZWQAAAAAAMqg6ydIKwAAAARUbBhFeHBvcnRpZXJ0ZSBFaW50copnZS5iaWIAAAAAAAAAAAAAAAAAAAAAAAAAAAAAAAAAAAAAAAAAAAAAAAAAAAABEscWzKm78wAAAAAAAAAAAAUAAgAACSAAAAAAAAAAAAAAAAAAAAAHRGVza3RvcAAAEAAIAADKoM8HAAAAEQAIAADMqZ/TAAAAAQAMAARUbAAEU84AAL99AAIAR09DWl9TU0RfTGlnaHRuaW5nU3BlZWQ6VXNlcnM6AGdyYXRjaDoARGVza3RvcDoARXhwb3J0aWVydGUgRWludHKKZ2UuYmliAAAOADQAGQBFAHgAcABvAHIAdABpAGUAcgB0AGUAIABFAGkAbgB0AHIAYQMIAGcAZQAuAGIAaQBiAA8ALgAWAE8AQwBaAF8AUwBTAEQAXwBMAGkAZwBoAHQAbgBpAG4AZwBTAHAAZQBlAGQAEgAvVXNlcnMvZ3JhdGNoL0Rlc2t0b3AvRXhwb3J0aWVydGUgRWludHJhzIhnZS5iaWIAABMAAS8AABUAAgAN//8AAIAF0hwdHh9YJGNsYXNzZXNaJGNsYXNzbmFtZaMfICFdTlNNdXRhYmxlRGF0YVZOU0RhdGFYTlNPYmplY3RvEDAALgAuAC8ALgAuAC8ALgAuAC8ALgAuAC8ALgAuAC8ARABlAHMAawB0AG8AcAAvAEUAeABwAG8AcgB0AGkAZQByAHQAZQAgAEUAaQBuAHQAcgBhAwgAZwBlAC4AYgBpAGLSHB0kJaIlIVxOU0RpY3Rpb25hcnkSAAGGoF8QD05TS2V5ZWRBcmNoaXZlcgAIABEAFgAfACgAMgA1ADoAPABFAEsAUgBdAGUAbABvAHEAcwB2AHgAegB8AIYAkwCYAKACaAJqAm8CeAKDAocClQKcAqUDCAMNAxADHQMiAAAAAAAAAgEAAAAAAAAAKAAAAAAAAAAAAAAAAAAAAzQ=}}

@book{Abele:1991,
	Address = {Weinheim},
	Author = {Abele, A. & Becker, B.},
	Date-Modified = {2012-10-11 16:15:08 +0200},
	Keywords = {Wohlbefinden},
	Pages = {331 Seten},
	Publisher = {Juventa},
	Title = {Wohlbefinden. Theorie, Empirie, Diagnostik. Well-being. Theory, empirical results, diagnosis},
	Url = {http://ovidsp.ovid.com/ovidweb.cgi?T=JS&CSC=Y&NEWS=N&PAGE=fulltext&D=psyn&AN=0056339},
	Year = {1991},
	Bdsk-Url-1 = {http://ovidsp.ovid.com/ovidweb.cgi?T=JS&CSC=Y&NEWS=N&PAGE=fulltext&D=psyn&AN=0056339}}

@book{Seligman:2003,
	Address = {K{\"o}ln},
	Author = {Martin E. P. Seligman},
	Date-Modified = {2012-10-15 17:36:01 +0000},
	Journal = {Muenchen: Ehrenwirth},
	Keywords = {Gl{\"u}ck},
	Month = {479 S. Price: EUR 22,00 Note: Original:},
	Pages = {Authent haness. Usng the new oste syhoogy to reaze your otenta for astng fufment. New York: Free Press},
	Publisher = {Bastei L{\"u}bbe GmbH & Co. KG},
	Title = {Der Gluecksfaktor. Warum Optimisten laenger leben. Authentic happiness.},
	Url = {http://ovidsp.ovid.com/ovidweb.cgi?T=JS&CSC=Y&NEWS=N&PAGE=fulltext&D=psyn&AN=0161813},
	Year = {2003},
	Bdsk-Url-1 = {http://ovidsp.ovid.com/ovidweb.cgi?T=JS&CSC=Y&NEWS=N&PAGE=fulltext&D=psyn&AN=0161813}}
